@online{CorporateFactSheet,
    title = {Website Title},
    author = {Author Name},
    year = {Year Published},
    url = {http://website-url.com},
    urldate      = {Use the date of access}
}