@book{XP,
    author = {Kent Beck and Cynthia Andres},
	title = "{Extreme Programming Explained: Embrace Change}",
	publisher = {Addison-Wesley Longman},
	address = {Amsterdam},
	year = {2004},
	edition = {2.}
}

@Article{HUMMWIE_2005,
	author = {Bernhard Humm and Frank Wietek},
	title = "{Architektur von Data Warehouses und Business Intelligence Systemen}",
	journal = {Informatik Spektrum},
	year = {2005},
	volume = {28},
	number = {1},
	pages = {3-14}
}

@incollection{CRISP,
	author = {Colm V. Gallagher and Ken Bruton and Dominic T.J. Oâ€™Sullivan},
	editor = {Ying Tan and Yuhui Shi},
	title = "{Utilising the Cross Industry Standard Process for Data Mining to Reduce Uncertainty in the Measurement and Verification of Energy Savings}",
	booktitle = {Data Mining and Big Data. DMBD 2016. Lecture Notes in Computer Science},
	pages = {48-58},
	publisher = {Springer},
	address = {Cham},
	year = {2016}
}

@misc{DWD_Beau,
  author = {{Deutscher Wetterdienst}},
  title = "{Beaufort-Skala}",
  howpublished = "\url{https://www.dwd.de/DE/service/lexikon/Functions/glossar.html?lv2=100310&lv3=100390}",
  note = {Abgerufen: 2018-07-31},
  year = 2018
}